00588cas a22002291a 4500
001 999287893502836
003 Nz
005 20161223152959.0
008 031223d19631966nz  r ne      0   0 eng d
035    $a (NLNZils)928789
035    $a (Nz)8142292
035    $a (NLNZils)928789-ilsdb
035    $a (OCoLC)173421302
040    $a WN $c WN
042    $a nznb
043    $a u-nz---
245 00 $a Gonville news.
260    $a [Wanganui, N.Z. : $b s.n., $c 1963-1966]
310    $a Monthly
362 0  $a 1963 Apr.11-1966?
651  0 $a Wanganui (N.Z.) $v Newspapers.
655  7 $a New Zealand newspapers. $2 local $5 Nz
